@string{tip = "IEEE Transactions on Image Processing"}
@string{cviu = "Computer Vision and Image Understanding"}
@string{jmiv = "Journal of Mathematical Imaging and Vision"}
@string{ijcv = "International Journal of Computer Vision"}

@ARTICLE{Rabin_artefact,
	Author={Rabin, J. and Delon, J. and Gousseau, Y.},
	Journal = tip,
	title={Removing Artefacts From Color and Contrast Modifications},
	year={2011},
	volume={20},
	number={11},
	pages={3073-3085},
	ISSN={1057-7149},
}

@article{Solodov-incremental,
year={1998},
journal={Computational Optimization and Applications},
volume={11},
number={1},
title={Incremental Gradient Algorithms with Stepsizes Bounded Away from Zero},
publisher={Kluwer Academic Publishers},
author={Solodov, M.V.},
pages={23--35},
}


@article{Kantorovich42,
	Address = {Hingham, MA, USA},
	Author = {L. Kantorovich},
	OPTannote = {Translated in Management Science, Vol. 5, pp. 1--4, 1959},
	Number = {2},
	Pages = {227-229},
	journal = {Doklady Akademii Nauk},
	Title = {On the transfer of masses (in Russian)},
	Volume = {37},
	Year = {1942}
}



@book{DellacherieBook,
 author = {C. Dellacherie and P.-A. Meyer},
 title = {Probabilities and Potential},
 year = {1978},
 isbn = {0898716632, 9780898716634},
 publisher = {Math. Stud. 29, North Holland},
 address = {Amsterdam},
} 


@article{BigotBarycenter,
	Author = {Bigot, J. and Klein T.},
	journal = {Preprint arXiv:1212.2562},
	Title = {Consistent estimation of a population barycenter in the
Wasserstein space},
	Year = {2012}
}


@article{matusik2005texture,
  title={Texture design using a simplicial complex of morphable textures},
  author={Matusik, Wojciech and Zwicker, Matthias and Durand, Fr{\'e}do},
  journal={ACM Transactions on Graphics},
  volume={24},
  number={3},
  pages={787--794},
  year={2005},
  organization={ACM}
}

@article{FPapPeyOud13,
title = "Optimal Transport with Proximal Splitting",
   	author = "N. Papadakis and G. Peyr{\'e} and E. Oudet",
	journal = "SIAM Journal on Imaging Sciences",
	volume = 7, 
	number = 1, 
	pages =  "212--238", 
     year = "2014",
}

%%%% Image %%%%

@article{Bonneel-displacement, 
author = {Bonneel, N. and {van de Panne}, M. and Paris, S. and Heidrich, W.}, 
title = {Displacement Interpolation Using Lagrangian Mass Transport}, 
journal = {ACM Transactions on Graphics (SIGGRAPH ASIA'11)}, 
volume = {30}, 
number = {6}, 
year = {2011}, 
}

@article{delon-concave,
  author = {J. {Delon} and J. {Salomon} and A. {Sobolevskii}},
  title = { Local matching indicators for transport problems with concave costs},
  journal = {SIAM Journal on Discrete Mathematics},
  year = 2012,
  volume = {26},
  number = {2},
  pages = {801--827}
}

@article{delon-circle,
  title={{Fast Transport Optimization for Monge Costs on the Circle}},
  author={Delon, J. and Salomon, J. and Sobolevski, A.},
  journal={SIAM Journal on Applied Mathematics},
  volume={70},
  number={7},
  pages={2239--2258},
  year={2010}
}


@book{Burkard09,
 author = {Burkard, R. and Dell'Amico, M. and Martello, S.},
 title = {Assignment Problems},
 year = {2009},
 isbn = {0898716632, 9780898716634},
 publisher = {Society for Industrial and Applied Mathematics},
 address = {Philadelphia, PA, USA},
} 

@article{Benamou2012,
author = {Benamou, J.-D. and  Froese, B. D. and Oberman A. M.},
title = {Numerical Solution of the Optimal Transportation Problem via viscosity solutions for the {M}onge-{A}mpere equation},
 journal   = {CoRR},
  volume    = {abs/1208.4873},
  year      = {2012},
  ee        = {http://arxiv.org/abs/1208.4873}
}

@inproceedings{Rabin_ssvm11,
year={2011},
booktitle={Scale Space and Variational Methods in Computer Vision (SSVM'11)},
volume={6667},
title={Wasserstein Barycenter and Its Application to Texture Mixing},
author={Rabin, J. and Peyr\'{e}, G. and Delon, J. and Bernot, M.},
pages={435--446}
}


@article{Delon-midway,
	Author = {J. Delon},
	Journal = tip,
	Number = {1},
	Numpages = {8},
	Pages = {241--248},
	Publisher = {IEEE Press},
	Title = {Movie and video scale-time equalization application to flicker reduction},
	Volume = {15},
	Year = {2006},
}


@article{Carlier_wasserstein_barycenter,
author = {M. Agueh and G. Carlier},
title = {Barycenters in the Wasserstein space},
  journal =	"SIAM Journal on Mathematical Analysis",
  volume =	"43",
  year = 	"2011",
  number =	"2",
  pages =	"904--924",
}

@inproceedings{pitie2005n,
  title={N-dimensional probability density function transfer and its application to color transfer},
  author={Piti{\'e}, Francois and Kokaram, Anil C and Dahyot, Rozenn},
  booktitle={Computer Vision, 2005. ICCV 2005. Tenth IEEE International Conference on},
  volume={2},
  pages={1434--1439},
  year={2005},
  organization={IEEE}
}


@ARTICLE{Angenent2003,
    author = {Angenent, S. and Haker, S. and Tannenbaum, A.},
    title = {Minimizing Flows for the Monge-Kantorovich Problem},
    journal = {SIAM Journal on Mathematical Analysis},
    year = {2003},
	number={1},
    volume = {35},
    pages = {61--97}
}

@Article{Kuhn-hungarian,
  author =	"{H. W. Kuhn}",
  title =	"The {Hungarian} Method of Solving the Assignment
		 Problem",
  journal =	"Naval Res. Logistics Quart.",
  volume =	"2",
  pages =	"83--97",
  year = 	"1955",
}

@book{Arrow1958,
 	author={K.J. Arrow and L. Hurwicz and H. Uzawa},
	title={Studies in linear and non-linear programming},
	publisher={Stanford University Press}, 
	year={1958}
}

@Book{Dantzig-Book,
  author =	"G. B. Dantzig",
  year = 	"1963",
  title =	"Linear Programming and Extensions",
  publisher =	"Princeton University Press",
  address =	"Princeton, NJ",
  kwds = 	"book, nla, nlop, linear programming",
}


@article{Benamou1995,
 author = {Benamou, J.-D.},
 title = {A domain decomposition method for the polar factorization of vector-valued mappings},
 journal = {SIAM Journal on Numerical Analysis},
 volume = {32},
number = {6},
 year = {1995},
 issn = {0036-1429},
 pages = {1808--1838}
} 


@article{Benamou2000,
 author = {Benamou, J.-D.  and Brenier, Y. },
 title = {A computational fluid mechanics solution of the Monge-Kantorovich mass transfer problem},
journal={Numerische Mathematik}, 
volume={84},
number={3},
year={2000},
pages={375--393}
}


@article{Bertsekas1988,
year={1988},
issn={0254-5330},
journal={Annals of Operations Research},
volume={14},
issue={1},
title={The auction algorithm: A distributed relaxation method for the assignment problem},
author={Bertsekas, D.P.},
pages={105-123}
}

@article{Brenier1991,
 author = {Brenier, Y.},
 title = {Polar factorization and monotone rearrangement of vector-valued functions},
journal = {Communications on Pure and Applied Mathematics},
number = {4},
pages = {375--417},
volume = {44},
year = {1991},
}

@article{Haber2010,
author = {Haber, E. and Rehman, T. and Tannenbaum, A.},
title = {An Efficient Numerical Method for the Solution of the $L_2$ Optimal Mass Transfer Problem},
journal = {SIAM Journal on Scientific Computing},
volume = {32},
number = {1},
pages = {197--211},
year = {2010},
doi = {10.1137/080730238}}


@article{haker2004,
 author = {Haker, S. and Zhu, L. and Tannenbaum, A. and Angenent, S.},
 title = {Optimal Mass Transport for Registration and Warping},
 journal = ijcv,
 volume = {60},
 number = {3},
 year = {2004},
 issn = {0920-5691},
 pages = {225--240}
}  

@article{Merigot2011,
author = {M\'erigot, Q.},
title = {A multiscale approach to optimal transport},
journal = {Computer Graphics Forum},
volume = 30,
number = {5},
pages = {1583--1592},
year = {2011}
}

@article{GalerneGabor,
  author = {B. Galerne and A. Lagae and S. Lefebvre and G. Drettakis},
  title = {Gabor Noise by Example},
  journal = {ACM Transactions on Graphics (Proceedings of ACM SIGGRAPH 2012)},
  year = {2012},
  volume = {31},
  number = {4},
  pages = {73:1--73:9},
  month = {July},
}

@inproceedings{peyre2013Gaussians,
    title = "Optimal Transport Mixing of Gaussian Texture Models",
   	author = "S. Ferradans and G-S. Xia  and G. Peyr{\'e} and J-F. Aujol",
     booktitle = "Proc. SSVM'13",
     year = "2013", 
}


@INPROCEEDINGS{Desolneux-Moisan-12,
  author = {A. Desolneux and L. Moisan and S. Ronsin},
  title = {A Compact Representation of Random Phase and {G}aussian Textures},
  booktitle = {Proc.  the IEEE International Conference on Acoustics, Speech, and Signal Processing (ICASSP)},
  year = {2012},
  pages = {1381--1384}
}

@Article{galerne-ieee,
  title =	"Random Phase Textures: Theory and Synthesis",
  author =	"B. Galerne and Y. Gousseau and J-M.
		 Morel",
  journal =	"IEEE Trans. on Image Processing",
  year = 	"2011",
  number =	"1",
  volume =	"20",
  pages =	"257--267",
}

@INPROCEEDINGS{Rabin2011,
author={Rabin, J. and Peyr\'e, G.},
booktitle={IEEE International Conference on Image Processing (ICIP'11)}, 
title={Wasserstein regularization of imaging problem},
pages={1541--1544},
year={2011},
doi={10.1109/ICIP.2011.6115740},
ISSN={1522-4880}
}

@INPROCEEDINGS{Rubner1998,
author={Rubner, Y. and Tomasi, C. and Guibas, L.J.},
booktitle={IEEE International Conference on Computer Vision (ICCV'98)}, 
title={A metric for distributions with applications to image databases},
year={1998},
pages={59--66}
}

@article{digne-reconstruction,
year={2013},
journal=jmiv,
title={Feature-Preserving Surface Reconstruction and Simplification from Defect-Laden Point Sets},
publisher={Springer US},
keywords={Optimal transportation; Wasserstein distance; Linear programming; Surface reconstruction; Shape simplification; Feature recovery},
author={Digne, J. and Cohen-Steiner, D. and Alliez, P. and Goes, F. and Desbrun, M.},
pages={1--14},
language={English}
}




@book{Villani03,
  title={Topics in Optimal Transportation},
  author={Villani, C.},
  isbn={9780821833124},
  lccn={03040350},
  series={Graduate Studies in Mathematics Series},
  year={2003},
  publisher={American Mathematical Society}
}

%%% Radon transform theory %%%

@book{Helgason-radonbook,
  title={The Radon Transform},
  author={S. Helgason},
  year={1980},
  publisher={Birkhauser, Boston}
}

@article{Boman-Radon,
year={2009},
journal={Journal of Theoretical Probability},
volume={22},
number={3},
title={Support Theorems for the {R}adon Transform and {C}ram{\`e}r-{W}old Theorems},
publisher={Springer US},
author={Boman, J. and Lindskog, F.},
pages={683--710},
}

%%% Numerics Radon %%%

@Article{Brady-Radon,
  author =	"M. L. Brady",
  title =	"A Fast Discrete Approximation Algorithm for the Radon
		 Transform",
  journal =	"Journal of Computing",
  volume =	"27",
  year = 	"1998",
  number =	"1",
  pages =	"107--119",
  bibsource =	"http://www.visionbib.com/bibliography/image-proc107.html#TT8628",
}

@article{Averbuch-slantstack,
  author = "{A}verbuch, A. and {C}oifman, R.R. and {D}onoho, D.L. and {I}sraeli, {M}. and {S}hkolnisky, {Y}. and {S}edelnikov, {I}. ",
  year = "2008",
  title = "{A} framework for discrete integral transformations: {I}{I}. {T}he 2{D} discrete {R}adon transform.",
  journal = "{S}{I}{A}{M} {J}. {S}ci. {C}omput.",
  volume = "30",
  number = "2",
  pages = "785-803",
  keywords = "pseudopolar {F}ourier transform; projection-slice theorem; linogram; slant stack; trigonometric interpolation; shearing of digital images; discrete {R}adon transform; algorithm",
}
@article{mccann1997convexity,
  title={A convexity principle for interacting gases},
  author={McCann, Robert J},
  journal={advances in mathematics},
  volume={128},
  number={1},
  pages={153--179},
  year={1997},
  publisher={Elsevier}
}
@inproceedings{Reinhard:2011,
 author = {Reinhard, Erik and Pouli, Tania},
 title = {Colour spaces for colour transfer},
 booktitle = {Proceedings of the Third international conference on Computational color imaging},
 series = {CCIW'11},
 year = {2011},
 isbn = {978-3-642-20403-6},
 location = {Milan, Italy},
 pages = {1--15},
 numpages = {15},
 acmid = {1986358},
 publisher = {Springer-Verlag},
 address = {Berlin, Heidelberg},
 keywords = {colour spaces, colour transfer, correlation},
} 



@article{CuturiBarycenter,
         title={Fast computation of Wasserstein barycenters},
         author={Cuturi, M. and Doucet, A.},
         journal={Proceedings of the 31st International Conference on Machine Learning, JMLR W\&CP},
         number = {to appear},
         year={2014}
       }



